@MISC {osrm,
    title = "Project OSRM",
    month = "Mai",
    year  = "2020",
    howpublished = "\url{http://project-osrm.org/}"
}
@MISC {nominatim,
    title = "Nominatim",
    month = "Mai",
    year  = "2020",
    howpublished = "\url{https://nominatim.org/}"
}
@MISC {tsp,
    title = "Traveling Salesman Problem",
    month = "Mai",
    year  = "2020",
    howpublished = "\url{https://en.wikipedia.org/wiki/Travelling_salesman_problem}"
}
@MISC {vrp,
    title = "Vehicle routing problem",
    month = "Mai",
    year  = "2020",
    howpublished = "\url{https://it.wikipedia.org/wiki/Vehicle_routing_problem}"
}
@MISC {radix,
    title = "Infominds | RADIX",
    month = "Mai",
    year  = "2020",
    howpublished = "\url{https://www.infominds.eu/radix}"
}
@MISC {react,
    title = "React",
    month = "Mai",
    year  = "2020",
    howpublished = "\url{https://reactjs.org/}"
}
@MISC {wasm,
    title = "WebAssembly",
    month = "Mai",
    year  = "2020",
    howpublished = "\url{https://webassembly.org/}"
}
@MISC {vo,
    title = "Visual Objects",
    month = "Mai",
    year  = "2020",
    howpublished = "\url{https://en.wikipedia.org/wiki/Visual_Objects}"
}


